@book{newton1687principia,
  author    = {Isaac Newton},
  title     = {Philosophi√¶ Naturalis Principia Mathematica},
  publisher = {Royal Society},
  year      = {1687},
  note      = {Translated as *The Principia: Mathematical Principles of Natural Philosophy* by Andrew Motte, 1729, and edited by I. B. Cohen \& A. Whitman, University of California Press, 1999},
  address   = {London}
}
@book{goldstein2002classical,
  author    = {Herbert Goldstein},
  title     = {Classical Mechanics},
  publisher = {Addison-Wesley},
  year      = {2002},
  edition   = {3rd},
  address   = {Boston},
  isbn      = {978-0201657029}
}
