@article{r-especial,
  author = {Albert Einstein},
  title = {{Zur Elektrodynamik bewegter Körper}},
  year = {1905},
  journal = {Annalen der Physik},
  volume = {322},
  number = {10},
  pages = {891--921},
  doi       = {10.1002/andp.19053221004},
  note      = {},
  abstract  = {No abstract}
}
@book{weinberg-v1,
  title = {{The Quantum Theory of Fields, Volume 1: Foundations}},
  author = {Steven Weinberg},
  publisher = {Cambridge University Press},
  year = {1995},
  ISBN = {9781139644167}
}
@unpublished{apunte,
  title = {{Apuntes de Introducción a las partículas elementales y Teoría Cuántica de Campos}},
  author = {A. Díaz, F. Mella},
  howpublished = {\href{https://github.com/Sushipleto31415/Apuntes-QFT}{Repositorio}},
  year = {2025},
  institution = {Universidad de Concepción, Facultad de Ciencias Físicas y Matemáticas},
  note = {Apuntes de Clase}
}
@book{ray-dinverno,
  author = {Ray D'Inverno},
  title = {{Introducing Einstein's Relativity}},
  publisher = {Oxford University Press},
  institution = {Faculty of Mathematical Studiesm University of Southampton},
  year = {1992}
}
@book{goldstein,
  title = {{Classical Mechanics}},
  author = {H. Goldstein, C. Poole, J. Sakfo},
  publisher = {Pearson},
  year = {2001},
  edition = {3rd},
}
